@inbook{
	unix-prog,
	author={STEVENS, W. Richard; FENNER, Bill RUDOFF, Andrew M.},
	booktitle={Unix Network Programming, Volume 1: The Sockets Networking API (3rd Edition)},
	publisher={Addison-Wesley},
	language="english",
	year=2003
}

@misc{
	w3daemon,
	title="Daemon implementation",
	howpublished="Режим доступа: \url{https://www.w3.org/Daemon/Implementation/}, свободный (дата обращения: \today)"
}

@inproceedings{
	vivek,
	author = {Pai, Vivek and Druschel, Peter and Zwaenepoel, Willy},
	year = {1999},
	month = {01},
	pages = {199-212},
	title = {Flash: An efficient and portable Web server.}
}

@misc{
	seda,
	title="SEDA",
	howpublished="Режим доступа: \url{http://matt-welsh.blogspot.com/2010/07/retrospective-on-seda.html}, свободный (дата обращения: \today)"
}

@misc{
	mina,
	title="Apache MINA [Электронный ресурс]",
	howpublished="Режим доступа: \url{https://mina.apache.org/}, свободный (дата обращения: \today)"
}

@misc{
	mulesoft,
	title="Mulesoft [Электронный ресурс]",
	howpublished="Режим доступа: \url{https://www.mulesoft.com/}, свободный (дата обращения: \today)"
}

@inproceedings {
	concurrency,
	author = {Rob von Behren and Jeremy Condit and Eric Brewer},
	title = {Why Events Are a Bad Idea (for {High-Concurrency} Servers)},
	booktitle = {9th Workshop on Hot Topics in Operating Systems (HotOS IX)},
	year = {2003},
	address = {Lihue, HI},
	publisher = {USENIX Association}
}

@article{
	monadic,
	author = {Li, Peng and Zdancewic, Steve},
	title = {Combining Events and Threads for Scalable Network Services Implementation and Evaluation of Monadic, Application-Level Concurrency Primitives},
	year = {2007},
	issue_date = {June 2007},
	publisher = {Association for Computing Machinery},
	address = {New York, NY, USA},
	volume = {42},
	number = {6},
	issn = {0362-1340},
	pages = {189–199},
	numpages = {11}
}

@inproceedings{
	haskell-lib,
	author = {Li, Peng and Zdancewic, Steve},
	title = {Combining Events and Threads for Scalable Network Services Implementation and Evaluation of Monadic, Application-Level Concurrency Primitives},
	year = {2007},
	isbn = {9781595936332},
	publisher = {Association for Computing Machinery},
	address = {New York, NY, USA},
	booktitle = {Proceedings of the 28th ACM SIGPLAN Conference on Programming Language Design and Implementation},
	pages = {189–199},
	numpages = {11},
	series = {PLDI '07}
}


